%YAML 1.1
%TAG !u! tag:unity3d.com,2011:
--- !u!1001 &100100000
Prefab:
  m_ObjectHideFlags: 1
  serializedVersion: 2
  m_Modification:
    m_TransformParent: {fileID: 0}
    m_Modifications: []
    m_RemovedComponents: []
  m_ParentPrefab: {fileID: 0}
  m_RootGameObject: {fileID: 1978963800502496}
  m_IsPrefabParent: 1
--- !u!1 &1978963800502496
GameObject:
  m_ObjectHideFlags: 0
  m_PrefabParentObject: {fileID: 0}
  m_PrefabInternal: {fileID: 100100000}
  serializedVersion: 5
  m_Component:
  - component: {fileID: 4358054099045148}
  - component: {fileID: 33271529420069740}
  - component: {fileID: 23562715033859750}
  - component: {fileID: 114355802176925710}
  - component: {fileID: 54645331309318742}
  - component: {fileID: 135170187632468506}
  - component: {fileID: 96102884688430130}
  m_Layer: 8
  m_Name: TestBullet3
  m_TagString: Projectile
  m_Icon: {fileID: 0}
  m_NavMeshLayer: 0
  m_StaticEditorFlags: 0
  m_IsActive: 1
--- !u!4 &4358054099045148
Transform:
  m_ObjectHideFlags: 1
  m_PrefabParentObject: {fileID: 0}
  m_PrefabInternal: {fileID: 100100000}
  m_GameObject: {fileID: 1978963800502496}
  m_LocalRotation: {x: 0, y: 0, z: 0, w: 1}
  m_LocalPosition: {x: 0, y: 1, z: 0.596}
  m_LocalScale: {x: 0.1, y: 0.1, z: 0.1}
  m_Children: []
  m_Father: {fileID: 0}
  m_RootOrder: 0
  m_LocalEulerAnglesHint: {x: 0, y: 0, z: 0}
--- !u!23 &23562715033859750
MeshRenderer:
  m_ObjectHideFlags: 1
  m_PrefabParentObject: {fileID: 0}
  m_PrefabInternal: {fileID: 100100000}
  m_GameObject: {fileID: 1978963800502496}
  m_Enabled: 1
  m_CastShadows: 1
  m_ReceiveShadows: 1
  m_MotionVectors: 1
  m_LightProbeUsage: 1
  m_ReflectionProbeUsage: 1
  m_Materials:
  - {fileID: 2100000, guid: ad96e640392c0fd408b0ea2960206974, type: 2}
  m_StaticBatchInfo:
    firstSubMesh: 0
    subMeshCount: 0
  m_StaticBatchRoot: {fileID: 0}
  m_ProbeAnchor: {fileID: 0}
  m_LightProbeVolumeOverride: {fileID: 0}
  m_ScaleInLightmap: 1
  m_PreserveUVs: 1
  m_IgnoreNormalsForChartDetection: 0
  m_ImportantGI: 0
  m_SelectedEditorRenderState: 3
  m_MinimumChartSize: 4
  m_AutoUVMaxDistance: 0.5
  m_AutoUVMaxAngle: 89
  m_LightmapParameters: {fileID: 0}
  m_SortingLayerID: 0
  m_SortingOrder: 0
--- !u!33 &33271529420069740
MeshFilter:
  m_ObjectHideFlags: 1
  m_PrefabParentObject: {fileID: 0}
  m_PrefabInternal: {fileID: 100100000}
  m_GameObject: {fileID: 1978963800502496}
  m_Mesh: {fileID: 4300002, guid: 103612e5e1ff43a4e896c567a2cb3ae1, type: 3}
--- !u!54 &54645331309318742
Rigidbody:
  m_ObjectHideFlags: 1
  m_PrefabParentObject: {fileID: 0}
  m_PrefabInternal: {fileID: 100100000}
  m_GameObject: {fileID: 1978963800502496}
  serializedVersion: 2
  m_Mass: 30
  m_Drag: 0
  m_AngularDrag: 0
  m_UseGravity: 0
  m_IsKinematic: 0
  m_Interpolate: 1
  m_Constraints: 0
  m_CollisionDetection: 2
--- !u!96 &96102884688430130
TrailRenderer:
  serializedVersion: 2
  m_ObjectHideFlags: 1
  m_PrefabParentObject: {fileID: 0}
  m_PrefabInternal: {fileID: 100100000}
  m_GameObject: {fileID: 1978963800502496}
  m_Enabled: 0
  m_CastShadows: 0
  m_ReceiveShadows: 0
  m_MotionVectors: 1
  m_LightProbeUsage: 0
  m_ReflectionProbeUsage: 0
  m_Materials:
  - {fileID: 2100000, guid: 473d6d3ec0d161b4a85e466c8c6da3fb, type: 2}
  m_StaticBatchInfo:
    firstSubMesh: 0
    subMeshCount: 0
  m_StaticBatchRoot: {fileID: 0}
  m_ProbeAnchor: {fileID: 0}
  m_LightProbeVolumeOverride: {fileID: 0}
  m_ScaleInLightmap: 1
  m_PreserveUVs: 0
  m_IgnoreNormalsForChartDetection: 0
  m_ImportantGI: 0
  m_SelectedEditorRenderState: 3
  m_MinimumChartSize: 4
  m_AutoUVMaxDistance: 0.5
  m_AutoUVMaxAngle: 89
  m_LightmapParameters: {fileID: 0}
  m_SortingLayerID: 0
  m_SortingOrder: 0
  m_Time: 0.02
  m_Parameters:
    serializedVersion: 2
    widthMultiplier: 0.1
    widthCurve:
      serializedVersion: 2
      m_Curve:
      - serializedVersion: 2
        time: 0
        value: 1
        inSlope: 0
        outSlope: 0
        tangentMode: 0
      m_PreInfinity: 2
      m_PostInfinity: 2
      m_RotationOrder: 4
    colorGradient:
      key0:
        serializedVersion: 2
        rgba: 4294967295
      key1:
        serializedVersion: 2
        rgba: 4294967295
      key2:
        serializedVersion: 2
        rgba: 0
      key3:
        serializedVersion: 2
        rgba: 0
      key4:
        serializedVersion: 2
        rgba: 0
      key5:
        serializedVersion: 2
        rgba: 0
      key6:
        serializedVersion: 2
        rgba: 0
      key7:
        serializedVersion: 2
        rgba: 0
      ctime0: 0
      ctime1: 65535
      ctime2: 0
      ctime3: 0
      ctime4: 0
      ctime5: 0
      ctime6: 0
      ctime7: 0
      atime0: 0
      atime1: 65535
      atime2: 0
      atime3: 0
      atime4: 0
      atime5: 0
      atime6: 0
      atime7: 0
      m_Mode: 0
      m_NumColorKeys: 2
      m_NumAlphaKeys: 2
    numCornerVertices: 0
    numCapVertices: 0
    alignment: 0
    textureMode: 0
  m_MinVertexDistance: 0.1
  m_Autodestruct: 0
--- !u!114 &114355802176925710
MonoBehaviour:
  m_ObjectHideFlags: 1
  m_PrefabParentObject: {fileID: 0}
  m_PrefabInternal: {fileID: 100100000}
  m_GameObject: {fileID: 1978963800502496}
  m_Enabled: 1
  m_EditorHideFlags: 0
  m_Script: {fileID: 11500000, guid: 80f93f09fd71b2e469775354596168ab, type: 3}
  m_Name: 
  m_EditorClassIdentifier: 
  power: 1
  bounces: 0
  stunDuration: 0
  stun_scale_max: 0.5
  validStunTravelDistance: 9999
  scrollSpeedy: 0.5
  scrollSpeedx: 5
  rend: {fileID: 0}
  willChaseTarget: 0
  chaseTarget: {fileID: 0}
  chaserMover: {fileID: 0}
  collision_spark: {fileID: 1225756297063034, guid: 78a9d89b187d404438a28a55b4ab9c75,
    type: 2}
  spark_size: 0.05
  big_spark_size: 0.2
  big_spark: 0
  mat: {fileID: 2100000, guid: 36f2f8209939d044aa67b27ebaf3c228, type: 2}
  power_mat: {fileID: 2100000, guid: ca9c28114dc10c74bb70c7db8eb3bf3e, type: 2}
  hitstop: 1
  hitstopping_segment: {fileID: 0}
  timeToLive: 0
  hitSound: {fileID: 8300000, guid: 6d10ff42ed4bca54f8df847eda7135eb, type: 3}
  PowerhitSound: {fileID: 8300000, guid: 38d8ee24966d5094f9141d6744d1e1a4, type: 3}
--- !u!135 &135170187632468506
SphereCollider:
  m_ObjectHideFlags: 1
  m_PrefabParentObject: {fileID: 0}
  m_PrefabInternal: {fileID: 100100000}
  m_GameObject: {fileID: 1978963800502496}
  m_Material: {fileID: 0}
  m_IsTrigger: 0
  m_Enabled: 1
  serializedVersion: 2
  m_Radius: 1.5
  m_Center: {x: 0, y: 0, z: 0}
