%YAML 1.1
%TAG !u! tag:unity3d.com,2011:
--- !u!1001 &100100000
Prefab:
  m_ObjectHideFlags: 1
  serializedVersion: 2
  m_Modification:
    m_TransformParent: {fileID: 0}
    m_Modifications: []
    m_RemovedComponents: []
  m_ParentPrefab: {fileID: 0}
  m_RootGameObject: {fileID: 1599805324334776}
  m_IsPrefabParent: 1
--- !u!1 &1166879663369826
GameObject:
  m_ObjectHideFlags: 0
  m_PrefabParentObject: {fileID: 0}
  m_PrefabInternal: {fileID: 100100000}
  serializedVersion: 5
  m_Component:
  - component: {fileID: 4189083567897226}
  - component: {fileID: 33663789657092956}
  - component: {fileID: 23433084861856506}
  - component: {fileID: 54942443479900284}
  - component: {fileID: 65279030431768060}
  - component: {fileID: 144476106361692148}
  - component: {fileID: 114678478509289276}
  m_Layer: 9
  m_Name: headlow 2 (2)
  m_TagString: Enemy
  m_Icon: {fileID: 0}
  m_NavMeshLayer: 0
  m_StaticEditorFlags: 0
  m_IsActive: 1
--- !u!1 &1372497315939728
GameObject:
  m_ObjectHideFlags: 0
  m_PrefabParentObject: {fileID: 0}
  m_PrefabInternal: {fileID: 100100000}
  serializedVersion: 5
  m_Component:
  - component: {fileID: 4404669525363272}
  - component: {fileID: 33792966368002342}
  - component: {fileID: 23803699434489724}
  - component: {fileID: 54213112881529064}
  - component: {fileID: 144733642239030716}
  - component: {fileID: 65379972116573146}
  - component: {fileID: 114141129040373748}
  m_Layer: 9
  m_Name: fishtailend
  m_TagString: Enemy
  m_Icon: {fileID: 0}
  m_NavMeshLayer: 0
  m_StaticEditorFlags: 0
  m_IsActive: 1
--- !u!1 &1599805324334776
GameObject:
  m_ObjectHideFlags: 0
  m_PrefabParentObject: {fileID: 0}
  m_PrefabInternal: {fileID: 100100000}
  serializedVersion: 5
  m_Component:
  - component: {fileID: 4051797798776878}
  - component: {fileID: 82111959632459770}
  - component: {fileID: 114431192968065454}
  m_Layer: 9
  m_Name: FaceFish_School
  m_TagString: Untagged
  m_Icon: {fileID: 0}
  m_NavMeshLayer: 0
  m_StaticEditorFlags: 0
  m_IsActive: 1
--- !u!1 &1723505794700092
GameObject:
  m_ObjectHideFlags: 0
  m_PrefabParentObject: {fileID: 0}
  m_PrefabInternal: {fileID: 100100000}
  serializedVersion: 5
  m_Component:
  - component: {fileID: 4996038884617260}
  - component: {fileID: 54963426479450154}
  - component: {fileID: 65943513060926458}
  - component: {fileID: 212339229936036076}
  - component: {fileID: 114664536500892364}
  m_Layer: 9
  m_Name: EnemyAttackWarningCircle
  m_TagString: Projectile
  m_Icon: {fileID: 0}
  m_NavMeshLayer: 0
  m_StaticEditorFlags: 0
  m_IsActive: 0
--- !u!1 &1739856260387416
GameObject:
  m_ObjectHideFlags: 0
  m_PrefabParentObject: {fileID: 0}
  m_PrefabInternal: {fileID: 100100000}
  serializedVersion: 5
  m_Component:
  - component: {fileID: 4750668486138874}
  - component: {fileID: 33988112590704006}
  - component: {fileID: 23309863814768464}
  - component: {fileID: 54686749913781628}
  - component: {fileID: 144556383984751500}
  - component: {fileID: 65760081377880696}
  - component: {fileID: 114404700960315818}
  m_Layer: 9
  m_Name: fishbod
  m_TagString: Enemy
  m_Icon: {fileID: 0}
  m_NavMeshLayer: 0
  m_StaticEditorFlags: 0
  m_IsActive: 1
--- !u!1 &1790883604259762
GameObject:
  m_ObjectHideFlags: 0
  m_PrefabParentObject: {fileID: 0}
  m_PrefabInternal: {fileID: 100100000}
  serializedVersion: 5
  m_Component:
  - component: {fileID: 4417382797451624}
  - component: {fileID: 33549384478065426}
  - component: {fileID: 23276142522793216}
  - component: {fileID: 54469054610457894}
  - component: {fileID: 144584615472491288}
  - component: {fileID: 65465043214117436}
  - component: {fileID: 114820181114898636}
  m_Layer: 9
  m_Name: headlow 2 (1)
  m_TagString: Enemy
  m_Icon: {fileID: 0}
  m_NavMeshLayer: 0
  m_StaticEditorFlags: 0
  m_IsActive: 1
--- !u!1 &1970083241499440
GameObject:
  m_ObjectHideFlags: 0
  m_PrefabParentObject: {fileID: 0}
  m_PrefabInternal: {fileID: 100100000}
  serializedVersion: 5
  m_Component:
  - component: {fileID: 4385547295111762}
  - component: {fileID: 33839713352238990}
  - component: {fileID: 23856832169829856}
  - component: {fileID: 54088577892165260}
  - component: {fileID: 144005828903899920}
  - component: {fileID: 65514699283520678}
  - component: {fileID: 114067080049982410}
  - component: {fileID: 114632210433307330}
  m_Layer: 9
  m_Name: fishtail
  m_TagString: Enemy
  m_Icon: {fileID: 0}
  m_NavMeshLayer: 0
  m_StaticEditorFlags: 0
  m_IsActive: 1
--- !u!1 &1996747410886576
GameObject:
  m_ObjectHideFlags: 0
  m_PrefabParentObject: {fileID: 0}
  m_PrefabInternal: {fileID: 100100000}
  serializedVersion: 5
  m_Component:
  - component: {fileID: 4739114868418290}
  - component: {fileID: 33971255664501656}
  - component: {fileID: 135260863068618044}
  - component: {fileID: 23912406599801220}
  - component: {fileID: 54204884598551186}
  - component: {fileID: 114188284932204584}
  - component: {fileID: 114323735678194994}
  m_Layer: 9
  m_Name: Sphere
  m_TagString: Enemy
  m_Icon: {fileID: 0}
  m_NavMeshLayer: 0
  m_StaticEditorFlags: 0
  m_IsActive: 1
--- !u!4 &4051797798776878
Transform:
  m_ObjectHideFlags: 1
  m_PrefabParentObject: {fileID: 0}
  m_PrefabInternal: {fileID: 100100000}
  m_GameObject: {fileID: 1599805324334776}
  m_LocalRotation: {x: 0, y: 1, z: 0, w: 0}
  m_LocalPosition: {x: 0, y: 0, z: 13.6}
  m_LocalScale: {x: 3, y: 3, z: 3}
  m_Children:
  - {fileID: 4739114868418290}
  - {fileID: 4404669525363272}
  - {fileID: 4385547295111762}
  - {fileID: 4750668486138874}
  - {fileID: 4417382797451624}
  - {fileID: 4189083567897226}
  - {fileID: 4996038884617260}
  m_Father: {fileID: 0}
  m_RootOrder: 0
  m_LocalEulerAnglesHint: {x: 0, y: 180, z: 0}
--- !u!4 &4189083567897226
Transform:
  m_ObjectHideFlags: 1
  m_PrefabParentObject: {fileID: 0}
  m_PrefabInternal: {fileID: 100100000}
  m_GameObject: {fileID: 1166879663369826}
  m_LocalRotation: {x: 0, y: 0.21643952, z: 0.97629607, w: 0}
  m_LocalPosition: {x: 0.00040006638, y: 0.2, z: 0.3032}
  m_LocalScale: {x: 1, y: 1, z: 1}
  m_Children: []
  m_Father: {fileID: 4051797798776878}
  m_RootOrder: 5
  m_LocalEulerAnglesHint: {x: -25, y: 0, z: 180}
--- !u!4 &4385547295111762
Transform:
  m_ObjectHideFlags: 1
  m_PrefabParentObject: {fileID: 0}
  m_PrefabInternal: {fileID: 100100000}
  m_GameObject: {fileID: 1970083241499440}
  m_LocalRotation: {x: 0.000000059604645, y: -0, z: -0, w: 1}
  m_LocalPosition: {x: 0, y: 0, z: -0.041}
  m_LocalScale: {x: 1, y: 1, z: 1}
  m_Children: []
  m_Father: {fileID: 4051797798776878}
  m_RootOrder: 2
  m_LocalEulerAnglesHint: {x: 0, y: 0, z: 0}
--- !u!4 &4404669525363272
Transform:
  m_ObjectHideFlags: 1
  m_PrefabParentObject: {fileID: 0}
  m_PrefabInternal: {fileID: 100100000}
  m_GameObject: {fileID: 1372497315939728}
  m_LocalRotation: {x: 0.000000059604645, y: -0, z: -0, w: 1}
  m_LocalPosition: {x: 0, y: 0, z: -0.06}
  m_LocalScale: {x: 1, y: 1, z: 1}
  m_Children: []
  m_Father: {fileID: 4051797798776878}
  m_RootOrder: 1
  m_LocalEulerAnglesHint: {x: 0, y: 0, z: 0}
--- !u!4 &4417382797451624
Transform:
  m_ObjectHideFlags: 1
  m_PrefabParentObject: {fileID: 0}
  m_PrefabInternal: {fileID: 100100000}
  m_GameObject: {fileID: 1790883604259762}
  m_LocalRotation: {x: 0.2164396, y: 0, z: 0, w: 0.97629607}
  m_LocalPosition: {x: 0.0004, y: -0.2, z: 0.3032}
  m_LocalScale: {x: 1, y: 1, z: 1}
  m_Children: []
  m_Father: {fileID: 4051797798776878}
  m_RootOrder: 4
  m_LocalEulerAnglesHint: {x: 25, y: 0, z: 0}
--- !u!4 &4739114868418290
Transform:
  m_ObjectHideFlags: 1
  m_PrefabParentObject: {fileID: 0}
  m_PrefabInternal: {fileID: 100100000}
  m_GameObject: {fileID: 1996747410886576}
  m_LocalRotation: {x: 0, y: 0, z: 0, w: 1}
  m_LocalPosition: {x: 0, y: -0, z: 0.2049}
  m_LocalScale: {x: 0.2, y: 0.2, z: 0.2}
  m_Children: []
  m_Father: {fileID: 4051797798776878}
  m_RootOrder: 0
  m_LocalEulerAnglesHint: {x: 0, y: 0, z: 0}
--- !u!4 &4750668486138874
Transform:
  m_ObjectHideFlags: 1
  m_PrefabParentObject: {fileID: 0}
  m_PrefabInternal: {fileID: 100100000}
  m_GameObject: {fileID: 1739856260387416}
  m_LocalRotation: {x: 0.000000059604645, y: -0, z: -0, w: 1}
  m_LocalPosition: {x: 0, y: 0, z: 0}
  m_LocalScale: {x: 1, y: 1, z: 1}
  m_Children: []
  m_Father: {fileID: 4051797798776878}
  m_RootOrder: 3
  m_LocalEulerAnglesHint: {x: 0, y: 0, z: 0}
--- !u!4 &4996038884617260
Transform:
  m_ObjectHideFlags: 1
  m_PrefabParentObject: {fileID: 0}
  m_PrefabInternal: {fileID: 100100000}
  m_GameObject: {fileID: 1723505794700092}
  m_LocalRotation: {x: -0, y: -1, z: -0, w: 0}
  m_LocalPosition: {x: 0, y: 0, z: 0}
  m_LocalScale: {x: 0.06666667, y: 0.06666667, z: 0.06666667}
  m_Children: []
  m_Father: {fileID: 4051797798776878}
  m_RootOrder: 6
  m_LocalEulerAnglesHint: {x: 0, y: 0, z: 0}
--- !u!23 &23276142522793216
MeshRenderer:
  m_ObjectHideFlags: 1
  m_PrefabParentObject: {fileID: 0}
  m_PrefabInternal: {fileID: 100100000}
  m_GameObject: {fileID: 1790883604259762}
  m_Enabled: 1
  m_CastShadows: 0
  m_ReceiveShadows: 0
  m_MotionVectors: 0
  m_LightProbeUsage: 0
  m_ReflectionProbeUsage: 0
  m_Materials:
  - {fileID: 2100000, guid: 8e58fdf943244c641a41cbfc824b59b6, type: 2}
  m_StaticBatchInfo:
    firstSubMesh: 0
    subMeshCount: 0
  m_StaticBatchRoot: {fileID: 0}
  m_ProbeAnchor: {fileID: 0}
  m_LightProbeVolumeOverride: {fileID: 0}
  m_ScaleInLightmap: 1
  m_PreserveUVs: 0
  m_IgnoreNormalsForChartDetection: 0
  m_ImportantGI: 0
  m_SelectedEditorRenderState: 3
  m_MinimumChartSize: 4
  m_AutoUVMaxDistance: 0.5
  m_AutoUVMaxAngle: 89
  m_LightmapParameters: {fileID: 0}
  m_SortingLayerID: 0
  m_SortingOrder: 0
--- !u!23 &23309863814768464
MeshRenderer:
  m_ObjectHideFlags: 1
  m_PrefabParentObject: {fileID: 0}
  m_PrefabInternal: {fileID: 100100000}
  m_GameObject: {fileID: 1739856260387416}
  m_Enabled: 1
  m_CastShadows: 0
  m_ReceiveShadows: 0
  m_MotionVectors: 0
  m_LightProbeUsage: 0
  m_ReflectionProbeUsage: 0
  m_Materials:
  - {fileID: 2100000, guid: 8e58fdf943244c641a41cbfc824b59b6, type: 2}
  m_StaticBatchInfo:
    firstSubMesh: 0
    subMeshCount: 0
  m_StaticBatchRoot: {fileID: 0}
  m_ProbeAnchor: {fileID: 0}
  m_LightProbeVolumeOverride: {fileID: 0}
  m_ScaleInLightmap: 1
  m_PreserveUVs: 0
  m_IgnoreNormalsForChartDetection: 0
  m_ImportantGI: 0
  m_SelectedEditorRenderState: 3
  m_MinimumChartSize: 4
  m_AutoUVMaxDistance: 0.5
  m_AutoUVMaxAngle: 89
  m_LightmapParameters: {fileID: 0}
  m_SortingLayerID: 0
  m_SortingOrder: 0
--- !u!23 &23433084861856506
MeshRenderer:
  m_ObjectHideFlags: 1
  m_PrefabParentObject: {fileID: 0}
  m_PrefabInternal: {fileID: 100100000}
  m_GameObject: {fileID: 1166879663369826}
  m_Enabled: 1
  m_CastShadows: 0
  m_ReceiveShadows: 0
  m_MotionVectors: 0
  m_LightProbeUsage: 0
  m_ReflectionProbeUsage: 0
  m_Materials:
  - {fileID: 2100000, guid: 8e58fdf943244c641a41cbfc824b59b6, type: 2}
  m_StaticBatchInfo:
    firstSubMesh: 0
    subMeshCount: 0
  m_StaticBatchRoot: {fileID: 0}
  m_ProbeAnchor: {fileID: 0}
  m_LightProbeVolumeOverride: {fileID: 0}
  m_ScaleInLightmap: 1
  m_PreserveUVs: 0
  m_IgnoreNormalsForChartDetection: 0
  m_ImportantGI: 0
  m_SelectedEditorRenderState: 3
  m_MinimumChartSize: 4
  m_AutoUVMaxDistance: 0.5
  m_AutoUVMaxAngle: 89
  m_LightmapParameters: {fileID: 0}
  m_SortingLayerID: 0
  m_SortingOrder: 0
--- !u!23 &23803699434489724
MeshRenderer:
  m_ObjectHideFlags: 1
  m_PrefabParentObject: {fileID: 0}
  m_PrefabInternal: {fileID: 100100000}
  m_GameObject: {fileID: 1372497315939728}
  m_Enabled: 1
  m_CastShadows: 0
  m_ReceiveShadows: 0
  m_MotionVectors: 0
  m_LightProbeUsage: 0
  m_ReflectionProbeUsage: 0
  m_Materials:
  - {fileID: 2100000, guid: 8e58fdf943244c641a41cbfc824b59b6, type: 2}
  m_StaticBatchInfo:
    firstSubMesh: 0
    subMeshCount: 0
  m_StaticBatchRoot: {fileID: 0}
  m_ProbeAnchor: {fileID: 0}
  m_LightProbeVolumeOverride: {fileID: 0}
  m_ScaleInLightmap: 1
  m_PreserveUVs: 0
  m_IgnoreNormalsForChartDetection: 0
  m_ImportantGI: 0
  m_SelectedEditorRenderState: 3
  m_MinimumChartSize: 4
  m_AutoUVMaxDistance: 0.5
  m_AutoUVMaxAngle: 89
  m_LightmapParameters: {fileID: 0}
  m_SortingLayerID: 0
  m_SortingOrder: 0
--- !u!23 &23856832169829856
MeshRenderer:
  m_ObjectHideFlags: 1
  m_PrefabParentObject: {fileID: 0}
  m_PrefabInternal: {fileID: 100100000}
  m_GameObject: {fileID: 1970083241499440}
  m_Enabled: 1
  m_CastShadows: 0
  m_ReceiveShadows: 0
  m_MotionVectors: 0
  m_LightProbeUsage: 0
  m_ReflectionProbeUsage: 0
  m_Materials:
  - {fileID: 2100000, guid: 8e58fdf943244c641a41cbfc824b59b6, type: 2}
  m_StaticBatchInfo:
    firstSubMesh: 0
    subMeshCount: 0
  m_StaticBatchRoot: {fileID: 0}
  m_ProbeAnchor: {fileID: 0}
  m_LightProbeVolumeOverride: {fileID: 0}
  m_ScaleInLightmap: 1
  m_PreserveUVs: 0
  m_IgnoreNormalsForChartDetection: 0
  m_ImportantGI: 0
  m_SelectedEditorRenderState: 3
  m_MinimumChartSize: 4
  m_AutoUVMaxDistance: 0.5
  m_AutoUVMaxAngle: 89
  m_LightmapParameters: {fileID: 0}
  m_SortingLayerID: 0
  m_SortingOrder: 0
--- !u!23 &23912406599801220
MeshRenderer:
  m_ObjectHideFlags: 1
  m_PrefabParentObject: {fileID: 0}
  m_PrefabInternal: {fileID: 100100000}
  m_GameObject: {fileID: 1996747410886576}
  m_Enabled: 1
  m_CastShadows: 0
  m_ReceiveShadows: 0
  m_MotionVectors: 0
  m_LightProbeUsage: 0
  m_ReflectionProbeUsage: 0
  m_Materials:
  - {fileID: 2100000, guid: 0bea9f45a7288564fa4d817f7bc9a052, type: 2}
  m_StaticBatchInfo:
    firstSubMesh: 0
    subMeshCount: 0
  m_StaticBatchRoot: {fileID: 0}
  m_ProbeAnchor: {fileID: 0}
  m_LightProbeVolumeOverride: {fileID: 0}
  m_ScaleInLightmap: 1
  m_PreserveUVs: 1
  m_IgnoreNormalsForChartDetection: 0
  m_ImportantGI: 0
  m_SelectedEditorRenderState: 3
  m_MinimumChartSize: 4
  m_AutoUVMaxDistance: 0.5
  m_AutoUVMaxAngle: 89
  m_LightmapParameters: {fileID: 0}
  m_SortingLayerID: 0
  m_SortingOrder: 0
--- !u!33 &33549384478065426
MeshFilter:
  m_ObjectHideFlags: 1
  m_PrefabParentObject: {fileID: 0}
  m_PrefabInternal: {fileID: 100100000}
  m_GameObject: {fileID: 1790883604259762}
  m_Mesh: {fileID: 4300000, guid: 00ad2781eb16ee949b6e6d9ebcd3266c, type: 3}
--- !u!33 &33663789657092956
MeshFilter:
  m_ObjectHideFlags: 1
  m_PrefabParentObject: {fileID: 0}
  m_PrefabInternal: {fileID: 100100000}
  m_GameObject: {fileID: 1166879663369826}
  m_Mesh: {fileID: 4300000, guid: 00ad2781eb16ee949b6e6d9ebcd3266c, type: 3}
--- !u!33 &33792966368002342
MeshFilter:
  m_ObjectHideFlags: 1
  m_PrefabParentObject: {fileID: 0}
  m_PrefabInternal: {fileID: 100100000}
  m_GameObject: {fileID: 1372497315939728}
  m_Mesh: {fileID: 4300000, guid: 422c903d6e9e55e458ae73fe4418f032, type: 3}
--- !u!33 &33839713352238990
MeshFilter:
  m_ObjectHideFlags: 1
  m_PrefabParentObject: {fileID: 0}
  m_PrefabInternal: {fileID: 100100000}
  m_GameObject: {fileID: 1970083241499440}
  m_Mesh: {fileID: 4300000, guid: 078a4bb32fba0c544a19acb93a68b56b, type: 3}
--- !u!33 &33971255664501656
MeshFilter:
  m_ObjectHideFlags: 1
  m_PrefabParentObject: {fileID: 0}
  m_PrefabInternal: {fileID: 100100000}
  m_GameObject: {fileID: 1996747410886576}
  m_Mesh: {fileID: 4300002, guid: 103612e5e1ff43a4e896c567a2cb3ae1, type: 3}
--- !u!33 &33988112590704006
MeshFilter:
  m_ObjectHideFlags: 1
  m_PrefabParentObject: {fileID: 0}
  m_PrefabInternal: {fileID: 100100000}
  m_GameObject: {fileID: 1739856260387416}
  m_Mesh: {fileID: 4300000, guid: 8ad90d9ab278daa49a3c98c06232829f, type: 3}
--- !u!54 &54088577892165260
Rigidbody:
  m_ObjectHideFlags: 1
  m_PrefabParentObject: {fileID: 0}
  m_PrefabInternal: {fileID: 100100000}
  m_GameObject: {fileID: 1970083241499440}
  serializedVersion: 2
  m_Mass: 1
  m_Drag: 5
  m_AngularDrag: 0.05
  m_UseGravity: 0
  m_IsKinematic: 0
  m_Interpolate: 1
  m_Constraints: 0
  m_CollisionDetection: 0
--- !u!54 &54204884598551186
Rigidbody:
  m_ObjectHideFlags: 1
  m_PrefabParentObject: {fileID: 0}
  m_PrefabInternal: {fileID: 100100000}
  m_GameObject: {fileID: 1996747410886576}
  serializedVersion: 2
  m_Mass: 10
  m_Drag: 0
  m_AngularDrag: 0.05
  m_UseGravity: 0
  m_IsKinematic: 0
  m_Interpolate: 1
  m_Constraints: 0
  m_CollisionDetection: 0
--- !u!54 &54213112881529064
Rigidbody:
  m_ObjectHideFlags: 1
  m_PrefabParentObject: {fileID: 0}
  m_PrefabInternal: {fileID: 100100000}
  m_GameObject: {fileID: 1372497315939728}
  serializedVersion: 2
  m_Mass: 1
  m_Drag: 5
  m_AngularDrag: 0.05
  m_UseGravity: 0
  m_IsKinematic: 0
  m_Interpolate: 1
  m_Constraints: 0
  m_CollisionDetection: 0
--- !u!54 &54469054610457894
Rigidbody:
  m_ObjectHideFlags: 1
  m_PrefabParentObject: {fileID: 0}
  m_PrefabInternal: {fileID: 100100000}
  m_GameObject: {fileID: 1790883604259762}
  serializedVersion: 2
  m_Mass: 1
  m_Drag: 1
  m_AngularDrag: 0.05
  m_UseGravity: 0
  m_IsKinematic: 0
  m_Interpolate: 1
  m_Constraints: 0
  m_CollisionDetection: 0
--- !u!54 &54686749913781628
Rigidbody:
  m_ObjectHideFlags: 1
  m_PrefabParentObject: {fileID: 0}
  m_PrefabInternal: {fileID: 100100000}
  m_GameObject: {fileID: 1739856260387416}
  serializedVersion: 2
  m_Mass: 1
  m_Drag: 5
  m_AngularDrag: 0.05
  m_UseGravity: 0
  m_IsKinematic: 0
  m_Interpolate: 1
  m_Constraints: 0
  m_CollisionDetection: 0
--- !u!54 &54942443479900284
Rigidbody:
  m_ObjectHideFlags: 1
  m_PrefabParentObject: {fileID: 0}
  m_PrefabInternal: {fileID: 100100000}
  m_GameObject: {fileID: 1166879663369826}
  serializedVersion: 2
  m_Mass: 1
  m_Drag: 1
  m_AngularDrag: 0.05
  m_UseGravity: 0
  m_IsKinematic: 0
  m_Interpolate: 1
  m_Constraints: 0
  m_CollisionDetection: 0
--- !u!54 &54963426479450154
Rigidbody:
  m_ObjectHideFlags: 1
  m_PrefabParentObject: {fileID: 0}
  m_PrefabInternal: {fileID: 100100000}
  m_GameObject: {fileID: 1723505794700092}
  serializedVersion: 2
  m_Mass: 1
  m_Drag: 0
  m_AngularDrag: 0.05
  m_UseGravity: 0
  m_IsKinematic: 0
  m_Interpolate: 0
  m_Constraints: 0
  m_CollisionDetection: 0
--- !u!65 &65279030431768060
BoxCollider:
  m_ObjectHideFlags: 1
  m_PrefabParentObject: {fileID: 0}
  m_PrefabInternal: {fileID: 100100000}
  m_GameObject: {fileID: 1166879663369826}
  m_Material: {fileID: 0}
  m_IsTrigger: 0
  m_Enabled: 1
  serializedVersion: 2
  m_Size: {x: 0.31, y: 0.2, z: 0.19}
  m_Center: {x: -0.000000059604645, y: -0.01561824, z: 0.01}
--- !u!65 &65379972116573146
BoxCollider:
  m_ObjectHideFlags: 1
  m_PrefabParentObject: {fileID: 0}
  m_PrefabInternal: {fileID: 100100000}
  m_GameObject: {fileID: 1372497315939728}
  m_Material: {fileID: 0}
  m_IsTrigger: 0
  m_Enabled: 1
  serializedVersion: 2
  m_Size: {x: 0.020532003, y: 0.32, z: 0.18}
  m_Center: {x: 0, y: 0.024433954, z: -0.7294435}
--- !u!65 &65465043214117436
BoxCollider:
  m_ObjectHideFlags: 1
  m_PrefabParentObject: {fileID: 0}
  m_PrefabInternal: {fileID: 100100000}
  m_GameObject: {fileID: 1790883604259762}
  m_Material: {fileID: 0}
  m_IsTrigger: 0
  m_Enabled: 1
  serializedVersion: 2
  m_Size: {x: 0.31, y: 0.2, z: 0.19}
  m_Center: {x: 0, y: -0.015617999, z: 0.01}
--- !u!65 &65514699283520678
BoxCollider:
  m_ObjectHideFlags: 1
  m_PrefabParentObject: {fileID: 0}
  m_PrefabInternal: {fileID: 100100000}
  m_GameObject: {fileID: 1970083241499440}
  m_Material: {fileID: 0}
  m_IsTrigger: 0
  m_Enabled: 1
  serializedVersion: 2
  m_Size: {x: 0.1, y: 0.23, z: 0.34690195}
  m_Center: {x: 0, y: 0, z: -0.44437847}
--- !u!65 &65760081377880696
BoxCollider:
  m_ObjectHideFlags: 1
  m_PrefabParentObject: {fileID: 0}
  m_PrefabInternal: {fileID: 100100000}
  m_GameObject: {fileID: 1739856260387416}
  m_Material: {fileID: 0}
  m_IsTrigger: 0
  m_Enabled: 1
  serializedVersion: 2
  m_Size: {x: 0.16, y: 0.33, z: 0.49880198}
  m_Center: {x: 0, y: 0.03, z: -0.10940051}
--- !u!65 &65943513060926458
BoxCollider:
  m_ObjectHideFlags: 1
  m_PrefabParentObject: {fileID: 0}
  m_PrefabInternal: {fileID: 100100000}
  m_GameObject: {fileID: 1723505794700092}
  m_Material: {fileID: 0}
  m_IsTrigger: 1
  m_Enabled: 1
  serializedVersion: 2
  m_Size: {x: 10, y: 2.2204466e-16, z: 10.000002}
  m_Center: {x: 0, y: 0, z: 0}
--- !u!82 &82111959632459770
AudioSource:
  m_ObjectHideFlags: 1
  m_PrefabParentObject: {fileID: 0}
  m_PrefabInternal: {fileID: 100100000}
  m_GameObject: {fileID: 1599805324334776}
  m_Enabled: 1
  serializedVersion: 4
  OutputAudioMixerGroup: {fileID: 0}
  m_audioClip: {fileID: 0}
  m_PlayOnAwake: 1
  m_Volume: 1
  m_Pitch: 1
  Loop: 0
  Mute: 0
  Spatialize: 0
  SpatializePostEffects: 0
  Priority: 128
  DopplerLevel: 1
  MinDistance: 1
  MaxDistance: 500
  Pan2D: 0
  rolloffMode: 0
  BypassEffects: 0
  BypassListenerEffects: 0
  BypassReverbZones: 0
  rolloffCustomCurve:
    serializedVersion: 2
    m_Curve:
    - serializedVersion: 2
      time: 0
      value: 1
      inSlope: 0
      outSlope: 0
      tangentMode: 0
    - serializedVersion: 2
      time: 1
      value: 0
      inSlope: 0
      outSlope: 0
      tangentMode: 0
    m_PreInfinity: 2
    m_PostInfinity: 2
    m_RotationOrder: 4
  panLevelCustomCurve:
    serializedVersion: 2
    m_Curve:
    - serializedVersion: 2
      time: 0
      value: 0
      inSlope: 0
      outSlope: 0
      tangentMode: 0
    m_PreInfinity: 2
    m_PostInfinity: 2
    m_RotationOrder: 0
  spreadCustomCurve:
    serializedVersion: 2
    m_Curve:
    - serializedVersion: 2
      time: 0
      value: 0
      inSlope: 0
      outSlope: 0
      tangentMode: 0
    m_PreInfinity: 2
    m_PostInfinity: 2
    m_RotationOrder: 0
  reverbZoneMixCustomCurve:
    serializedVersion: 2
    m_Curve:
    - serializedVersion: 2
      time: 0
      value: 1
      inSlope: 0
      outSlope: 0
      tangentMode: 0
    m_PreInfinity: 2
    m_PostInfinity: 2
    m_RotationOrder: 0
--- !u!114 &114067080049982410
MonoBehaviour:
  m_ObjectHideFlags: 1
  m_PrefabParentObject: {fileID: 0}
  m_PrefabInternal: {fileID: 100100000}
  m_GameObject: {fileID: 1970083241499440}
  m_Enabled: 1
  m_EditorHideFlags: 0
  m_Script: {fileID: 11500000, guid: f4c97ce255ad84f4db0e3c8e2cef5245, type: 3}
  m_Name: 
  m_EditorClassIdentifier: 
  attachedAI: {fileID: 114431192968065454}
  health: 100
  head: 0
  head_damage_multiplier: 2
  death_exploding_multiplier: 2
  dead: 0
  damaged_length: 0.5
  max_damaged_length: 3
  tex: {fileID: 2800000, guid: 4a056241e2722dc46a7262a8e7073fd9, type: 3}
  tex_damaged: {fileID: 2800000, guid: c7a8bc4411170304e9db7acbab5a9665, type: 3}
  hitstopped: 0
  rend: {fileID: 0}
  hitSound: {fileID: 0}
  deathSound: {fileID: 0}
--- !u!114 &114141129040373748
MonoBehaviour:
  m_ObjectHideFlags: 1
  m_PrefabParentObject: {fileID: 0}
  m_PrefabInternal: {fileID: 100100000}
  m_GameObject: {fileID: 1372497315939728}
  m_Enabled: 1
  m_EditorHideFlags: 0
  m_Script: {fileID: 11500000, guid: f4c97ce255ad84f4db0e3c8e2cef5245, type: 3}
  m_Name: 
  m_EditorClassIdentifier: 
  attachedAI: {fileID: 114431192968065454}
  health: 50
  head: 0
  head_damage_multiplier: 2
  death_exploding_multiplier: 2
  dead: 0
  damaged_length: 0.5
  max_damaged_length: 3
  tex: {fileID: 2800000, guid: 4a056241e2722dc46a7262a8e7073fd9, type: 3}
  tex_damaged: {fileID: 2800000, guid: c7a8bc4411170304e9db7acbab5a9665, type: 3}
  hitstopped: 0
  rend: {fileID: 0}
  hitSound: {fileID: 0}
  deathSound: {fileID: 0}
--- !u!114 &114188284932204584
MonoBehaviour:
  m_ObjectHideFlags: 1
  m_PrefabParentObject: {fileID: 0}
  m_PrefabInternal: {fileID: 100100000}
  m_GameObject: {fileID: 1996747410886576}
  m_Enabled: 1
  m_EditorHideFlags: 0
  m_Script: {fileID: 11500000, guid: f4c97ce255ad84f4db0e3c8e2cef5245, type: 3}
  m_Name: 
  m_EditorClassIdentifier: 
  attachedAI: {fileID: 114431192968065454}
  health: 100
  head: 1
  head_damage_multiplier: 2
  death_exploding_multiplier: 2
  dead: 0
  damaged_length: 2
  max_damaged_length: 3
  tex: {fileID: 2800000, guid: 4a056241e2722dc46a7262a8e7073fd9, type: 3}
  tex_damaged: {fileID: 2800000, guid: c7a8bc4411170304e9db7acbab5a9665, type: 3}
  hitstopped: 0
  rend: {fileID: 0}
  hitSound: {fileID: 0}
  deathSound: {fileID: 0}
--- !u!114 &114323735678194994
MonoBehaviour:
  m_ObjectHideFlags: 1
  m_PrefabParentObject: {fileID: 0}
  m_PrefabInternal: {fileID: 100100000}
  m_GameObject: {fileID: 1996747410886576}
  m_Enabled: 1
  m_EditorHideFlags: 0
  m_Script: {fileID: 11500000, guid: 5890ad4c2f55ae2478b3ad020348edfc, type: 3}
  m_Name: 
  m_EditorClassIdentifier: 
  maxSpeed: 50
  maxSpeed_fart: 100
  maxSpeed_lerpSpeed: 1
  maxSpeed_actual: 0
  acceleration: 15
  attacking: 0
  maxSpeed_att: 65
  maxSpeed_att_fart: 300
  maxSpeed_att_actual: 0
  acceleration_att: 20
  initial_waypoints_transform:
  - {fileID: 4739114868418290}
  waypoints:
  - {x: 0, y: 0, z: 0}
  curWaypointIdx: 0
  WatpointTouchDistance: 4
  stunned: 0
  stun_threshold: 0.3
  stun_multiplier: 1
  forceDirectionCorrectionMultiplier: 5
  finalWaypoint_forceDirectionCorrectionMultiplier: 500
  Kp: 80
  Ki: 0
  Kd: 0.05
  finalWaypoint_Kp: 900
  waypoint_maxwait: 10
  waypoint_maxwait_timer: 0
  rotateUpVector: {x: 0, y: 1, z: 0}
  willDrift: 0
--- !u!114 &114404700960315818
MonoBehaviour:
  m_ObjectHideFlags: 1
  m_PrefabParentObject: {fileID: 0}
  m_PrefabInternal: {fileID: 100100000}
  m_GameObject: {fileID: 1739856260387416}
  m_Enabled: 1
  m_EditorHideFlags: 0
  m_Script: {fileID: 11500000, guid: f4c97ce255ad84f4db0e3c8e2cef5245, type: 3}
  m_Name: 
  m_EditorClassIdentifier: 
  attachedAI: {fileID: 114431192968065454}
  health: 200
  head: 0
  head_damage_multiplier: 2
  death_exploding_multiplier: 2
  dead: 0
  damaged_length: 0.5
  max_damaged_length: 3
  tex: {fileID: 2800000, guid: 4a056241e2722dc46a7262a8e7073fd9, type: 3}
  tex_damaged: {fileID: 2800000, guid: c7a8bc4411170304e9db7acbab5a9665, type: 3}
  hitstopped: 0
  rend: {fileID: 0}
  hitSound: {fileID: 0}
  deathSound: {fileID: 0}
--- !u!114 &114431192968065454
MonoBehaviour:
  m_ObjectHideFlags: 1
  m_PrefabParentObject: {fileID: 0}
  m_PrefabInternal: {fileID: 100100000}
  m_GameObject: {fileID: 1599805324334776}
  m_Enabled: 1
  m_EditorHideFlags: 0
  m_Script: {fileID: 11500000, guid: cd6465a2732e3b244967c86792e4056c, type: 3}
  m_Name: 
  m_EditorClassIdentifier: 
  maxHealth: 200
  currHealth: 200
  state: 0
  hurtInvinTime: 0
  recoverTime: 5
  recoverRate: 0
  timer: 0
  audioSrc: {fileID: 82111959632459770}
  deathSound: {fileID: 0}
  hurtSound: {fileID: 0}
  Container: {fileID: 0}
  AIState: 0
  head: {fileID: 54204884598551186}
  knows_the_way: 0
  hitstop_time: 0
  playerObject: {fileID: 0}
  attack_sound: {fileID: 0}
  incoming_sound: {fileID: 8300000, guid: 9ae0a94970fe1b04484cc49e6eae4eaa, type: 3}
  death_sound: {fileID: 8300000, guid: 128544345894fee46a215d8a0495f95f, type: 3}
  attack_warning_circle: {fileID: 114664536500892364}
  pitch: 0
  fartAccelerationSpeed: 20
  numOfWaitWaypoints: 3
  min_WP_Gap: 5
  randomWP_minRadius: 10
  randomWP_maxRadius: 35
  randomWP_narrowAngle: 35
  randomWP_narrowAngleVertical: 25
  sucessful_attack_damage: 20
  sucessful_attack_repulse_force: 600
  sucessful_attack_repulse_torque: 100
  sucessful_attack_stun: 1.3
  heavyStagger_repulse_force: 50
  heavyStagger_repulse_torque: 50
  heavyStagger_stun: 1.5
  rage_percentage: 0
  rage: 0
  WaypointSetYet: 0
  FinalWaypointReached: 0
--- !u!114 &114632210433307330
MonoBehaviour:
  m_ObjectHideFlags: 1
  m_PrefabParentObject: {fileID: 0}
  m_PrefabInternal: {fileID: 100100000}
  m_GameObject: {fileID: 1970083241499440}
  m_Enabled: 1
  m_EditorHideFlags: 0
  m_Script: {fileID: 11500000, guid: 379cfee450dc2c749a8ea0c39a0a4159, type: 3}
  m_Name: 
  m_EditorClassIdentifier: 
  sway_force: 30
  sway_time: 1
  sway_freq: 3
--- !u!114 &114664536500892364
MonoBehaviour:
  m_ObjectHideFlags: 1
  m_PrefabParentObject: {fileID: 0}
  m_PrefabInternal: {fileID: 100100000}
  m_GameObject: {fileID: 1723505794700092}
  m_Enabled: 1
  m_EditorHideFlags: 0
  m_Script: {fileID: 11500000, guid: c114bb9547cfa6940813063d0d3326d3, type: 3}
  m_Name: 
  m_EditorClassIdentifier: 
  power: 0
  bounces: 0
  stunDuration: 0
  stun_scale_max: 0.5
  validStunTravelDistance: 0
  scrollSpeedy: 0.5
  scrollSpeedx: 5
  rend: {fileID: 0}
  willChaseTarget: 0
  chaseTarget: {fileID: 0}
  chaserMover: {fileID: 0}
  collision_spark: {fileID: 0}
  spark_size: 0
  big_spark_size: 0.3
  big_spark: 0
  mat: {fileID: 0}
  power_mat: {fileID: 0}
  hitstop: 1
  hitstopping_segment: {fileID: 0}
  timeToLive: 0
  hitSound: {fileID: 0}
  _startSize: 0.02
  _maxSize: 0.7
  _duration: 2
  zOffset: 0.5
  distortion: 1
--- !u!114 &114678478509289276
MonoBehaviour:
  m_ObjectHideFlags: 1
  m_PrefabParentObject: {fileID: 0}
  m_PrefabInternal: {fileID: 100100000}
  m_GameObject: {fileID: 1166879663369826}
  m_Enabled: 1
  m_EditorHideFlags: 0
  m_Script: {fileID: 11500000, guid: f4c97ce255ad84f4db0e3c8e2cef5245, type: 3}
  m_Name: 
  m_EditorClassIdentifier: 
  attachedAI: {fileID: 114431192968065454}
  health: 50
  head: 0
  head_damage_multiplier: 2
  death_exploding_multiplier: 2
  dead: 0
  damaged_length: 0.5
  max_damaged_length: 3
  tex: {fileID: 2800000, guid: 4a056241e2722dc46a7262a8e7073fd9, type: 3}
  tex_damaged: {fileID: 2800000, guid: c7a8bc4411170304e9db7acbab5a9665, type: 3}
  hitstopped: 0
  rend: {fileID: 0}
  hitSound: {fileID: 0}
  deathSound: {fileID: 0}
--- !u!114 &114820181114898636
MonoBehaviour:
  m_ObjectHideFlags: 1
  m_PrefabParentObject: {fileID: 0}
  m_PrefabInternal: {fileID: 100100000}
  m_GameObject: {fileID: 1790883604259762}
  m_Enabled: 1
  m_EditorHideFlags: 0
  m_Script: {fileID: 11500000, guid: f4c97ce255ad84f4db0e3c8e2cef5245, type: 3}
  m_Name: 
  m_EditorClassIdentifier: 
  attachedAI: {fileID: 114431192968065454}
  health: 50
  head: 0
  head_damage_multiplier: 2
  death_exploding_multiplier: 2
  dead: 0
  damaged_length: 0.5
  max_damaged_length: 3
  tex: {fileID: 2800000, guid: 4a056241e2722dc46a7262a8e7073fd9, type: 3}
  tex_damaged: {fileID: 2800000, guid: c7a8bc4411170304e9db7acbab5a9665, type: 3}
  hitstopped: 0
  rend: {fileID: 0}
  hitSound: {fileID: 0}
  deathSound: {fileID: 0}
--- !u!135 &135260863068618044
SphereCollider:
  m_ObjectHideFlags: 1
  m_PrefabParentObject: {fileID: 0}
  m_PrefabInternal: {fileID: 100100000}
  m_GameObject: {fileID: 1996747410886576}
  m_Material: {fileID: 0}
  m_IsTrigger: 0
  m_Enabled: 1
  serializedVersion: 2
  m_Radius: 0.82
  m_Center: {x: 0, y: 0, z: 0}
--- !u!144 &144005828903899920
CharacterJoint:
  m_ObjectHideFlags: 1
  m_PrefabParentObject: {fileID: 0}
  m_PrefabInternal: {fileID: 100100000}
  m_GameObject: {fileID: 1970083241499440}
  m_ConnectedBody: {fileID: 54686749913781628}
  m_Anchor: {x: 0, y: 0, z: -0.3}
  m_Axis: {x: 0, y: 0, z: 1}
  m_AutoConfigureConnectedAnchor: 0
  m_ConnectedAnchor: {x: 0, y: 0, z: -0.34}
  serializedVersion: 2
  m_SwingAxis: {x: 0, y: 1, z: 0}
  m_TwistLimitSpring:
    spring: 0
    damper: 0
  m_LowTwistLimit:
    limit: -10
    bounciness: 0.2
    contactDistance: 0
  m_HighTwistLimit:
    limit: 10
    bounciness: 0.2
    contactDistance: 0
  m_SwingLimitSpring:
    spring: 0
    damper: 0
  m_Swing1Limit:
    limit: 40
    bounciness: 0.2
    contactDistance: 0
  m_Swing2Limit:
    limit: 10
    bounciness: 0.2
    contactDistance: 0
  m_EnableProjection: 0
  m_ProjectionDistance: 0.1
  m_ProjectionAngle: 180
  m_BreakForce: Infinity
  m_BreakTorque: Infinity
  m_EnableCollision: 0
  m_EnablePreprocessing: 1
--- !u!144 &144476106361692148
CharacterJoint:
  m_ObjectHideFlags: 1
  m_PrefabParentObject: {fileID: 0}
  m_PrefabInternal: {fileID: 100100000}
  m_GameObject: {fileID: 1166879663369826}
  m_ConnectedBody: {fileID: 54204884598551186}
  m_Anchor: {x: 0, y: 0.02, z: -0.05}
  m_Axis: {x: 0, y: 1, z: 0}
  m_AutoConfigureConnectedAnchor: 0
  m_ConnectedAnchor: {x: 0, y: 0.55, z: 0.25}
  serializedVersion: 2
  m_SwingAxis: {x: 1, y: 0, z: 0}
  m_TwistLimitSpring:
    spring: 0
    damper: 0
  m_LowTwistLimit:
    limit: 0
    bounciness: 0
    contactDistance: 0
  m_HighTwistLimit:
    limit: 0
    bounciness: 0
    contactDistance: 0
  m_SwingLimitSpring:
    spring: 0
    damper: 0
  m_Swing1Limit:
    limit: 20
    bounciness: 0
    contactDistance: 10
  m_Swing2Limit:
    limit: 0
    bounciness: 0
    contactDistance: 0
  m_EnableProjection: 0
  m_ProjectionDistance: 0.1
  m_ProjectionAngle: 180
  m_BreakForce: Infinity
  m_BreakTorque: Infinity
  m_EnableCollision: 0
  m_EnablePreprocessing: 1
--- !u!144 &144556383984751500
CharacterJoint:
  m_ObjectHideFlags: 1
  m_PrefabParentObject: {fileID: 0}
  m_PrefabInternal: {fileID: 100100000}
  m_GameObject: {fileID: 1739856260387416}
  m_ConnectedBody: {fileID: 54204884598551186}
  m_Anchor: {x: 0, y: 0, z: 0.14}
  m_Axis: {x: 0, y: 0, z: 1}
  m_AutoConfigureConnectedAnchor: 0
  m_ConnectedAnchor: {x: 0, y: 0, z: -0.51}
  serializedVersion: 2
  m_SwingAxis: {x: 0, y: 1, z: -0.17}
  m_TwistLimitSpring:
    spring: 0
    damper: 0
  m_LowTwistLimit:
    limit: -10
    bounciness: 0.2
    contactDistance: 0
  m_HighTwistLimit:
    limit: 10
    bounciness: 0.2
    contactDistance: 0
  m_SwingLimitSpring:
    spring: 0
    damper: 0
  m_Swing1Limit:
    limit: 40
    bounciness: 0.2
    contactDistance: 0
  m_Swing2Limit:
    limit: 10
    bounciness: 0.2
    contactDistance: 0
  m_EnableProjection: 0
  m_ProjectionDistance: 0.1
  m_ProjectionAngle: 180
  m_BreakForce: Infinity
  m_BreakTorque: Infinity
  m_EnableCollision: 0
  m_EnablePreprocessing: 1
--- !u!144 &144584615472491288
CharacterJoint:
  m_ObjectHideFlags: 1
  m_PrefabParentObject: {fileID: 0}
  m_PrefabInternal: {fileID: 100100000}
  m_GameObject: {fileID: 1790883604259762}
  m_ConnectedBody: {fileID: 54204884598551186}
  m_Anchor: {x: 0, y: 0.02, z: -0.05}
  m_Axis: {x: 0, y: 1, z: 0}
  m_AutoConfigureConnectedAnchor: 0
  m_ConnectedAnchor: {x: 0, y: -0.55, z: 0.25}
  serializedVersion: 2
  m_SwingAxis: {x: 1, y: 0, z: 0}
  m_TwistLimitSpring:
    spring: 0
    damper: 0
  m_LowTwistLimit:
    limit: 0
    bounciness: 0
    contactDistance: 0
  m_HighTwistLimit:
    limit: 0
    bounciness: 0
    contactDistance: 0
  m_SwingLimitSpring:
    spring: 0
    damper: 0
  m_Swing1Limit:
    limit: 20
    bounciness: 0
    contactDistance: 10
  m_Swing2Limit:
    limit: 0
    bounciness: 0
    contactDistance: 0
  m_EnableProjection: 0
  m_ProjectionDistance: 0.1
  m_ProjectionAngle: 180
  m_BreakForce: Infinity
  m_BreakTorque: Infinity
  m_EnableCollision: 0
  m_EnablePreprocessing: 1
--- !u!144 &144733642239030716
CharacterJoint:
  m_ObjectHideFlags: 1
  m_PrefabParentObject: {fileID: 0}
  m_PrefabInternal: {fileID: 100100000}
  m_GameObject: {fileID: 1372497315939728}
  m_ConnectedBody: {fileID: 54088577892165260}
  m_Anchor: {x: 0, y: 0, z: -0.61}
  m_Axis: {x: 0, y: 0, z: 1}
  m_AutoConfigureConnectedAnchor: 0
  m_ConnectedAnchor: {x: 0, y: 0, z: -0.63}
  serializedVersion: 2
  m_SwingAxis: {x: 0, y: 1, z: 0}
  m_TwistLimitSpring:
    spring: 0
    damper: 0
  m_LowTwistLimit:
    limit: -10
    bounciness: 0.2
    contactDistance: 0
  m_HighTwistLimit:
    limit: 10
    bounciness: 0.2
    contactDistance: 0
  m_SwingLimitSpring:
    spring: 0
    damper: 0
  m_Swing1Limit:
    limit: 40
    bounciness: 0.2
    contactDistance: 0
  m_Swing2Limit:
    limit: 10
    bounciness: 0.2
    contactDistance: 0
  m_EnableProjection: 0
  m_ProjectionDistance: 0.1
  m_ProjectionAngle: 180
  m_BreakForce: Infinity
  m_BreakTorque: Infinity
  m_EnableCollision: 0
  m_EnablePreprocessing: 1
--- !u!212 &212339229936036076
SpriteRenderer:
  m_ObjectHideFlags: 1
  m_PrefabParentObject: {fileID: 0}
  m_PrefabInternal: {fileID: 100100000}
  m_GameObject: {fileID: 1723505794700092}
  m_Enabled: 1
  m_CastShadows: 0
  m_ReceiveShadows: 0
  m_MotionVectors: 1
  m_LightProbeUsage: 0
  m_ReflectionProbeUsage: 0
  m_Materials:
  - {fileID: 2100000, guid: 5e6bae16a3556dc43b4a5f0ea39be7a8, type: 2}
  m_StaticBatchInfo:
    firstSubMesh: 0
    subMeshCount: 0
  m_StaticBatchRoot: {fileID: 0}
  m_ProbeAnchor: {fileID: 0}
  m_LightProbeVolumeOverride: {fileID: 0}
  m_ScaleInLightmap: 1
  m_PreserveUVs: 0
  m_IgnoreNormalsForChartDetection: 0
  m_ImportantGI: 0
  m_SelectedEditorRenderState: 0
  m_MinimumChartSize: 4
  m_AutoUVMaxDistance: 0.5
  m_AutoUVMaxAngle: 89
  m_LightmapParameters: {fileID: 0}
  m_SortingLayerID: 0
  m_SortingOrder: 0
  m_Sprite: {fileID: 21300000, guid: 41742b8c825f9ee47a3b9bc8131baa24, type: 3}
  m_Color: {r: 0.6156863, g: 0.6156863, b: 0.6156863, a: 0.503}
  m_FlipX: 0
  m_FlipY: 0
